%YAML 1.1
%TAG !u! tag:unity3d.com,2011:
--- !u!1001 &100100000
Prefab:
  m_ObjectHideFlags: 1
  serializedVersion: 2
  m_Modification:
    m_TransformParent: {fileID: 0}
    m_Modifications: []
    m_RemovedComponents: []
  m_SourcePrefab: {fileID: 0}
  m_RootGameObject: {fileID: 1590227289203150}
  m_IsPrefabAsset: 1
--- !u!1 &1590227289203150
GameObject:
  m_ObjectHideFlags: 0
  m_CorrespondingSourceObject: {fileID: 0}
  m_PrefabInternal: {fileID: 100100000}
  serializedVersion: 6
  m_Component:
  - component: {fileID: 4289855466108924}
  - component: {fileID: 212280397045781968}
  - component: {fileID: 68664348193714266}
  - component: {fileID: 114930301680646434}
  - component: {fileID: 114039001215716690}
  m_Layer: 17
  m_Name: swordDamageBox
  m_TagString: Untagged
  m_Icon: {fileID: 0}
  m_NavMeshLayer: 0
  m_StaticEditorFlags: 0
  m_IsActive: 1
--- !u!4 &4289855466108924
Transform:
  m_ObjectHideFlags: 1
  m_CorrespondingSourceObject: {fileID: 0}
  m_PrefabInternal: {fileID: 100100000}
  m_GameObject: {fileID: 1590227289203150}
  m_LocalRotation: {x: -0, y: -0, z: -0, w: 1}
  m_LocalPosition: {x: -1.583, y: 0.1771, z: 0}
  m_LocalScale: {x: 0.96, y: 0.96, z: 1}
  m_Children: []
  m_Father: {fileID: 0}
  m_RootOrder: 0
  m_LocalEulerAnglesHint: {x: 0, y: 0, z: 0}
--- !u!68 &68664348193714266
EdgeCollider2D:
  m_ObjectHideFlags: 1
  m_CorrespondingSourceObject: {fileID: 0}
  m_PrefabInternal: {fileID: 100100000}
  m_GameObject: {fileID: 1590227289203150}
  m_Enabled: 1
  m_Density: 1
  m_Material: {fileID: 0}
  m_IsTrigger: 1
  m_UsedByEffector: 0
  m_UsedByComposite: 0
  m_Offset: {x: 0, y: 0}
  m_EdgeRadius: 0
  m_Points:
  - {x: 0.86303407, y: -1.3641181}
  - {x: 1.1518245, y: -0.29246134}
  - {x: 0.11473942, y: -1.3497322}
  - {x: 1.1865239, y: 0.30288953}
  - {x: -0.3741851, y: -1.373554}
  - {x: 1.1474197, y: 0.9165816}
  - {x: -0.90186524, y: -1.3522267}
  - {x: 1.0551199, y: 1.2549412}
  - {x: -1.2527692, y: -1.0375782}
  - {x: -0.3789264, y: 0.39532316}
  - {x: 1.1300397, y: 1.4829466}
  - {x: 0.55293167, y: 1.320883}
  - {x: -0.0131595135, y: 1.0426221}
  - {x: -0.41170263, y: 0.7714689}
  - {x: -0.8951216, y: 0.23744008}
  - {x: -1.3108413, y: -0.47687155}
  - {x: -1.4794149, y: -1.2016132}
  - {x: -1.0934927, y: -1.5117893}
  - {x: 0.8982667, y: -1.5227723}
--- !u!114 &114039001215716690
MonoBehaviour:
  m_ObjectHideFlags: 1
  m_CorrespondingSourceObject: {fileID: 0}
  m_PrefabInternal: {fileID: 100100000}
  m_GameObject: {fileID: 1590227289203150}
  m_Enabled: 1
  m_EditorHideFlags: 0
  m_Script: {fileID: 11500000, guid: 74898378df5bc4c43a3b7c4dcdcab5cf, type: 3}
  m_Name: 
  m_EditorClassIdentifier: 
--- !u!114 &114930301680646434
MonoBehaviour:
  m_ObjectHideFlags: 1
  m_CorrespondingSourceObject: {fileID: 0}
  m_PrefabInternal: {fileID: 100100000}
  m_GameObject: {fileID: 1590227289203150}
  m_Enabled: 1
  m_EditorHideFlags: 0
  m_Script: {fileID: 11500000, guid: 770c397759af7d04d86ab9136e1c34e1, type: 3}
  m_Name: 
  m_EditorClassIdentifier: 
  animationTime: 0.3
  liveTime: 0.05
--- !u!212 &212280397045781968
SpriteRenderer:
  m_ObjectHideFlags: 1
  m_CorrespondingSourceObject: {fileID: 0}
  m_PrefabInternal: {fileID: 100100000}
  m_GameObject: {fileID: 1590227289203150}
  m_Enabled: 1
  m_CastShadows: 0
  m_ReceiveShadows: 0
  m_DynamicOccludee: 1
  m_MotionVectors: 1
  m_LightProbeUsage: 1
  m_ReflectionProbeUsage: 1
  m_RenderingLayerMask: 4294967295
  m_Materials:
  - {fileID: 10754, guid: 0000000000000000f000000000000000, type: 0}
  m_StaticBatchInfo:
    firstSubMesh: 0
    subMeshCount: 0
  m_StaticBatchRoot: {fileID: 0}
  m_ProbeAnchor: {fileID: 0}
  m_LightProbeVolumeOverride: {fileID: 0}
  m_ScaleInLightmap: 1
  m_PreserveUVs: 0
  m_IgnoreNormalsForChartDetection: 0
  m_ImportantGI: 0
  m_StitchLightmapSeams: 0
  m_SelectedEditorRenderState: 0
  m_MinimumChartSize: 4
  m_AutoUVMaxDistance: 0.5
  m_AutoUVMaxAngle: 89
  m_LightmapParameters: {fileID: 0}
  m_SortingLayerID: 0
  m_SortingLayer: 0
  m_SortingOrder: 2
  m_Sprite: {fileID: 21300000, guid: 3e8b7dfb44b931b4d97fc3499394ed1f, type: 3}
  m_Color: {r: 1, g: 1, b: 1, a: 1}
  m_FlipX: 0
  m_FlipY: 0
  m_DrawMode: 0
  m_Size: {x: 2.96, y: 3.04}
  m_AdaptiveModeThreshold: 0.5
  m_SpriteTileMode: 0
  m_WasSpriteAssigned: 1
  m_MaskInteraction: 0
  m_SpriteSortPoint: 0
