%YAML 1.1
%TAG !u! tag:unity3d.com,2011:
--- !u!29 &1
OcclusionCullingSettings:
  m_ObjectHideFlags: 0
  serializedVersion: 2
  m_OcclusionBakeSettings:
    smallestOccluder: 5
    smallestHole: 0.25
    backfaceThreshold: 100
  m_SceneGUID: 00000000000000000000000000000000
  m_OcclusionCullingData: {fileID: 0}
--- !u!104 &2
RenderSettings:
  m_ObjectHideFlags: 0
  serializedVersion: 9
  m_Fog: 0
  m_FogColor: {r: 0.5, g: 0.5, b: 0.5, a: 1}
  m_FogMode: 3
  m_FogDensity: 0.01
  m_LinearFogStart: 0
  m_LinearFogEnd: 300
  m_AmbientSkyColor: {r: 0.212, g: 0.227, b: 0.259, a: 1}
  m_AmbientEquatorColor: {r: 0.114, g: 0.125, b: 0.133, a: 1}
  m_AmbientGroundColor: {r: 0.047, g: 0.043, b: 0.035, a: 1}
  m_AmbientIntensity: 1
  m_AmbientMode: 3
  m_SubtractiveShadowColor: {r: 0.42, g: 0.478, b: 0.627, a: 1}
  m_SkyboxMaterial: {fileID: 0}
  m_HaloStrength: 0.5
  m_FlareStrength: 1
  m_FlareFadeSpeed: 3
  m_HaloTexture: {fileID: 0}
  m_SpotCookie: {fileID: 10001, guid: 0000000000000000e000000000000000, type: 0}
  m_DefaultReflectionMode: 0
  m_DefaultReflectionResolution: 128
  m_ReflectionBounces: 1
  m_ReflectionIntensity: 1
  m_CustomReflection: {fileID: 0}
  m_Sun: {fileID: 0}
  m_IndirectSpecularColor: {r: 0, g: 0, b: 0, a: 1}
  m_UseRadianceAmbientProbe: 0
--- !u!157 &3
LightmapSettings:
  m_ObjectHideFlags: 0
  serializedVersion: 11
  m_GIWorkflowMode: 1
  m_GISettings:
    serializedVersion: 2
    m_BounceScale: 1
    m_IndirectOutputScale: 1
    m_AlbedoBoost: 1
    m_TemporalCoherenceThreshold: 1
    m_EnvironmentLightingMode: 0
    m_EnableBakedLightmaps: 0
    m_EnableRealtimeLightmaps: 0
  m_LightmapEditorSettings:
    serializedVersion: 10
    m_Resolution: 2
    m_BakeResolution: 40
    m_AtlasSize: 1024
    m_AO: 0
    m_AOMaxDistance: 1
    m_CompAOExponent: 1
    m_CompAOExponentDirect: 0
    m_Padding: 2
    m_LightmapParameters: {fileID: 0}
    m_LightmapsBakeMode: 1
    m_TextureCompression: 1
    m_FinalGather: 0
    m_FinalGatherFiltering: 1
    m_FinalGatherRayCount: 256
    m_ReflectionCompression: 2
    m_MixedBakeMode: 2
    m_BakeBackend: 0
    m_PVRSampling: 1
    m_PVRDirectSampleCount: 32
    m_PVRSampleCount: 500
    m_PVRBounces: 2
    m_PVRFilterTypeDirect: 0
    m_PVRFilterTypeIndirect: 0
    m_PVRFilterTypeAO: 0
    m_PVRFilteringMode: 1
    m_PVRCulling: 1
    m_PVRFilteringGaussRadiusDirect: 1
    m_PVRFilteringGaussRadiusIndirect: 5
    m_PVRFilteringGaussRadiusAO: 2
    m_PVRFilteringAtrousPositionSigmaDirect: 0.5
    m_PVRFilteringAtrousPositionSigmaIndirect: 2
    m_PVRFilteringAtrousPositionSigmaAO: 1
    m_ShowResolutionOverlay: 1
  m_LightingDataAsset: {fileID: 0}
  m_UseShadowmask: 1
--- !u!196 &4
NavMeshSettings:
  serializedVersion: 2
  m_ObjectHideFlags: 0
  m_BuildSettings:
    serializedVersion: 2
    agentTypeID: 0
    agentRadius: 0.5
    agentHeight: 2
    agentSlope: 45
    agentClimb: 0.4
    ledgeDropHeight: 0
    maxJumpAcrossDistance: 0
    minRegionArea: 2
    manualCellSize: 0
    cellSize: 0.16666667
    manualTileSize: 0
    tileSize: 256
    accuratePlacement: 0
    debug:
      m_Flags: 0
  m_NavMeshData: {fileID: 0}
--- !u!1001 &119784125
Prefab:
  m_ObjectHideFlags: 0
  serializedVersion: 2
  m_Modification:
    m_TransformParent: {fileID: 0}
    m_Modifications:
    - target: {fileID: 4200527384184124, guid: 8d5ff5cc0c52c4f4b98bb89455327749, type: 2}
      propertyPath: m_LocalPosition.x
      value: 0
      objectReference: {fileID: 0}
    - target: {fileID: 4200527384184124, guid: 8d5ff5cc0c52c4f4b98bb89455327749, type: 2}
      propertyPath: m_LocalPosition.y
      value: 0
      objectReference: {fileID: 0}
    - target: {fileID: 4200527384184124, guid: 8d5ff5cc0c52c4f4b98bb89455327749, type: 2}
      propertyPath: m_LocalPosition.z
      value: 0.47558594
      objectReference: {fileID: 0}
    - target: {fileID: 4200527384184124, guid: 8d5ff5cc0c52c4f4b98bb89455327749, type: 2}
      propertyPath: m_LocalRotation.x
      value: 0
      objectReference: {fileID: 0}
    - target: {fileID: 4200527384184124, guid: 8d5ff5cc0c52c4f4b98bb89455327749, type: 2}
      propertyPath: m_LocalRotation.y
      value: 0
      objectReference: {fileID: 0}
    - target: {fileID: 4200527384184124, guid: 8d5ff5cc0c52c4f4b98bb89455327749, type: 2}
      propertyPath: m_LocalRotation.z
      value: 0
      objectReference: {fileID: 0}
    - target: {fileID: 4200527384184124, guid: 8d5ff5cc0c52c4f4b98bb89455327749, type: 2}
      propertyPath: m_LocalRotation.w
      value: 1
      objectReference: {fileID: 0}
    - target: {fileID: 4200527384184124, guid: 8d5ff5cc0c52c4f4b98bb89455327749, type: 2}
      propertyPath: m_RootOrder
      value: 4
      objectReference: {fileID: 0}
    - target: {fileID: 1953196264860644, guid: 8d5ff5cc0c52c4f4b98bb89455327749, type: 2}
      propertyPath: m_IsActive
      value: 1
      objectReference: {fileID: 0}
    m_RemovedComponents: []
  m_SourcePrefab: {fileID: 100100000, guid: 8d5ff5cc0c52c4f4b98bb89455327749, type: 2}
  m_IsPrefabAsset: 0
--- !u!1001 &121557973
Prefab:
  m_ObjectHideFlags: 0
  serializedVersion: 2
  m_Modification:
    m_TransformParent: {fileID: 0}
    m_Modifications:
    - target: {fileID: 4586044324260120, guid: 27dee921ae8c7e44ba9091c17c9f8f95, type: 2}
      propertyPath: m_LocalPosition.x
      value: 11.7
      objectReference: {fileID: 0}
    - target: {fileID: 4586044324260120, guid: 27dee921ae8c7e44ba9091c17c9f8f95, type: 2}
      propertyPath: m_LocalPosition.y
      value: -4.44
      objectReference: {fileID: 0}
    - target: {fileID: 4586044324260120, guid: 27dee921ae8c7e44ba9091c17c9f8f95, type: 2}
      propertyPath: m_LocalPosition.z
      value: 0.47558594
      objectReference: {fileID: 0}
    - target: {fileID: 4586044324260120, guid: 27dee921ae8c7e44ba9091c17c9f8f95, type: 2}
      propertyPath: m_LocalRotation.x
      value: -0
      objectReference: {fileID: 0}
    - target: {fileID: 4586044324260120, guid: 27dee921ae8c7e44ba9091c17c9f8f95, type: 2}
      propertyPath: m_LocalRotation.y
      value: -0
      objectReference: {fileID: 0}
    - target: {fileID: 4586044324260120, guid: 27dee921ae8c7e44ba9091c17c9f8f95, type: 2}
      propertyPath: m_LocalRotation.z
      value: -0
      objectReference: {fileID: 0}
    - target: {fileID: 4586044324260120, guid: 27dee921ae8c7e44ba9091c17c9f8f95, type: 2}
      propertyPath: m_LocalRotation.w
      value: 1
      objectReference: {fileID: 0}
    - target: {fileID: 4586044324260120, guid: 27dee921ae8c7e44ba9091c17c9f8f95, type: 2}
      propertyPath: m_RootOrder
      value: 6
      objectReference: {fileID: 0}
    m_RemovedComponents: []
  m_SourcePrefab: {fileID: 100100000, guid: 27dee921ae8c7e44ba9091c17c9f8f95, type: 2}
  m_IsPrefabAsset: 0
--- !u!1001 &125270214
Prefab:
  m_ObjectHideFlags: 0
  serializedVersion: 2
  m_Modification:
    m_TransformParent: {fileID: 0}
    m_Modifications:
    - target: {fileID: 4660789706665444, guid: af573cebe45773f40907818a20d57efd, type: 2}
      propertyPath: m_LocalPosition.x
      value: 6.870858
      objectReference: {fileID: 0}
    - target: {fileID: 4660789706665444, guid: af573cebe45773f40907818a20d57efd, type: 2}
      propertyPath: m_LocalPosition.y
      value: 2.1427908
      objectReference: {fileID: 0}
    - target: {fileID: 4660789706665444, guid: af573cebe45773f40907818a20d57efd, type: 2}
      propertyPath: m_LocalPosition.z
      value: 0.47558594
      objectReference: {fileID: 0}
    - target: {fileID: 4660789706665444, guid: af573cebe45773f40907818a20d57efd, type: 2}
      propertyPath: m_LocalRotation.x
      value: -0
      objectReference: {fileID: 0}
    - target: {fileID: 4660789706665444, guid: af573cebe45773f40907818a20d57efd, type: 2}
      propertyPath: m_LocalRotation.y
      value: -0
      objectReference: {fileID: 0}
    - target: {fileID: 4660789706665444, guid: af573cebe45773f40907818a20d57efd, type: 2}
      propertyPath: m_LocalRotation.z
      value: -0
      objectReference: {fileID: 0}
    - target: {fileID: 4660789706665444, guid: af573cebe45773f40907818a20d57efd, type: 2}
      propertyPath: m_LocalRotation.w
      value: 1
      objectReference: {fileID: 0}
    - target: {fileID: 4660789706665444, guid: af573cebe45773f40907818a20d57efd, type: 2}
      propertyPath: m_RootOrder
      value: 3
      objectReference: {fileID: 0}
    m_RemovedComponents: []
  m_SourcePrefab: {fileID: 100100000, guid: af573cebe45773f40907818a20d57efd, type: 2}
  m_IsPrefabAsset: 0
--- !u!1001 &413655389
Prefab:
  m_ObjectHideFlags: 0
  serializedVersion: 2
  m_Modification:
    m_TransformParent: {fileID: 0}
    m_Modifications:
    - target: {fileID: 4706200373687782, guid: 7dbd1a5e89f81a544901698899c39d2b, type: 2}
      propertyPath: m_LocalPosition.x
      value: 4.77
      objectReference: {fileID: 0}
    - target: {fileID: 4706200373687782, guid: 7dbd1a5e89f81a544901698899c39d2b, type: 2}
      propertyPath: m_LocalPosition.y
      value: -4.741989
      objectReference: {fileID: 0}
    - target: {fileID: 4706200373687782, guid: 7dbd1a5e89f81a544901698899c39d2b, type: 2}
      propertyPath: m_LocalPosition.z
      value: 0.47558594
      objectReference: {fileID: 0}
    - target: {fileID: 4706200373687782, guid: 7dbd1a5e89f81a544901698899c39d2b, type: 2}
      propertyPath: m_LocalRotation.x
      value: -0
      objectReference: {fileID: 0}
    - target: {fileID: 4706200373687782, guid: 7dbd1a5e89f81a544901698899c39d2b, type: 2}
      propertyPath: m_LocalRotation.y
      value: -0
      objectReference: {fileID: 0}
    - target: {fileID: 4706200373687782, guid: 7dbd1a5e89f81a544901698899c39d2b, type: 2}
      propertyPath: m_LocalRotation.z
      value: -0
      objectReference: {fileID: 0}
    - target: {fileID: 4706200373687782, guid: 7dbd1a5e89f81a544901698899c39d2b, type: 2}
      propertyPath: m_LocalRotation.w
      value: 1
      objectReference: {fileID: 0}
    - target: {fileID: 4706200373687782, guid: 7dbd1a5e89f81a544901698899c39d2b, type: 2}
      propertyPath: m_RootOrder
      value: 8
      objectReference: {fileID: 0}
    m_RemovedComponents: []
  m_SourcePrefab: {fileID: 100100000, guid: 7dbd1a5e89f81a544901698899c39d2b, type: 2}
  m_IsPrefabAsset: 0
--- !u!1001 &600695086
Prefab:
  m_ObjectHideFlags: 0
  serializedVersion: 2
  m_Modification:
    m_TransformParent: {fileID: 0}
    m_Modifications:
    - target: {fileID: 4872808218641500, guid: 17cdce290bd0f2a4cae06f6e298b9c71, type: 2}
      propertyPath: m_LocalPosition.x
      value: 12
      objectReference: {fileID: 0}
    - target: {fileID: 4872808218641500, guid: 17cdce290bd0f2a4cae06f6e298b9c71, type: 2}
      propertyPath: m_LocalPosition.y
      value: -4.94
      objectReference: {fileID: 0}
    - target: {fileID: 4872808218641500, guid: 17cdce290bd0f2a4cae06f6e298b9c71, type: 2}
      propertyPath: m_LocalPosition.z
      value: 0
      objectReference: {fileID: 0}
    - target: {fileID: 4872808218641500, guid: 17cdce290bd0f2a4cae06f6e298b9c71, type: 2}
      propertyPath: m_LocalRotation.x
      value: 0
      objectReference: {fileID: 0}
    - target: {fileID: 4872808218641500, guid: 17cdce290bd0f2a4cae06f6e298b9c71, type: 2}
      propertyPath: m_LocalRotation.y
      value: 0
      objectReference: {fileID: 0}
    - target: {fileID: 4872808218641500, guid: 17cdce290bd0f2a4cae06f6e298b9c71, type: 2}
      propertyPath: m_LocalRotation.z
      value: 0
      objectReference: {fileID: 0}
    - target: {fileID: 4872808218641500, guid: 17cdce290bd0f2a4cae06f6e298b9c71, type: 2}
      propertyPath: m_LocalRotation.w
      value: 1
      objectReference: {fileID: 0}
    - target: {fileID: 4872808218641500, guid: 17cdce290bd0f2a4cae06f6e298b9c71, type: 2}
      propertyPath: m_RootOrder
      value: 5
      objectReference: {fileID: 0}
    - target: {fileID: 114898114060046792, guid: 17cdce290bd0f2a4cae06f6e298b9c71,
        type: 2}
      propertyPath: movement
      value: 
      objectReference: {fileID: 0}
    - target: {fileID: 224452978655979084, guid: 17cdce290bd0f2a4cae06f6e298b9c71,
        type: 2}
      propertyPath: m_RootOrder
      value: 1
      objectReference: {fileID: 0}
    - target: {fileID: 114898114060046792, guid: 17cdce290bd0f2a4cae06f6e298b9c71,
        type: 2}
      propertyPath: weapon
      value: 
      objectReference: {fileID: 0}
    m_RemovedComponents: []
  m_SourcePrefab: {fileID: 100100000, guid: 17cdce290bd0f2a4cae06f6e298b9c71, type: 2}
  m_IsPrefabAsset: 0
--- !u!1001 &625417934
Prefab:
  m_ObjectHideFlags: 0
  serializedVersion: 2
  m_Modification:
    m_TransformParent: {fileID: 0}
    m_Modifications:
    - target: {fileID: 4118908659764318, guid: 5cdcfa61a4f1f644e9a2bf2d37ef73df, type: 2}
      propertyPath: m_LocalPosition.x
      value: 29.033737
      objectReference: {fileID: 0}
    - target: {fileID: 4118908659764318, guid: 5cdcfa61a4f1f644e9a2bf2d37ef73df, type: 2}
      propertyPath: m_LocalPosition.y
      value: -10.625435
      objectReference: {fileID: 0}
    - target: {fileID: 4118908659764318, guid: 5cdcfa61a4f1f644e9a2bf2d37ef73df, type: 2}
      propertyPath: m_LocalPosition.z
      value: -0.06157054
      objectReference: {fileID: 0}
    - target: {fileID: 4118908659764318, guid: 5cdcfa61a4f1f644e9a2bf2d37ef73df, type: 2}
      propertyPath: m_LocalRotation.x
      value: 0
      objectReference: {fileID: 0}
    - target: {fileID: 4118908659764318, guid: 5cdcfa61a4f1f644e9a2bf2d37ef73df, type: 2}
      propertyPath: m_LocalRotation.y
      value: 0
      objectReference: {fileID: 0}
    - target: {fileID: 4118908659764318, guid: 5cdcfa61a4f1f644e9a2bf2d37ef73df, type: 2}
      propertyPath: m_LocalRotation.z
      value: 0
      objectReference: {fileID: 0}
    - target: {fileID: 4118908659764318, guid: 5cdcfa61a4f1f644e9a2bf2d37ef73df, type: 2}
      propertyPath: m_LocalRotation.w
      value: 1
      objectReference: {fileID: 0}
    - target: {fileID: 4118908659764318, guid: 5cdcfa61a4f1f644e9a2bf2d37ef73df, type: 2}
      propertyPath: m_RootOrder
      value: 2
      objectReference: {fileID: 0}
    - target: {fileID: 1760359674785718, guid: 5cdcfa61a4f1f644e9a2bf2d37ef73df, type: 2}
      propertyPath: m_Name
      value: DummyGuard
      objectReference: {fileID: 0}
    - target: {fileID: 0}
      propertyPath: health
      value: 9999
      objectReference: {fileID: 0}
    m_RemovedComponents:
    - {fileID: 114973118962146916, guid: 5cdcfa61a4f1f644e9a2bf2d37ef73df, type: 2}
    - {fileID: 114163930580061512, guid: 5cdcfa61a4f1f644e9a2bf2d37ef73df, type: 2}
  m_SourcePrefab: {fileID: 100100000, guid: 5cdcfa61a4f1f644e9a2bf2d37ef73df, type: 2}
  m_IsPrefabAsset: 0
--- !u!1 &712449804
GameObject:
  m_ObjectHideFlags: 0
  m_CorrespondingSourceObject: {fileID: 0}
  m_PrefabInternal: {fileID: 0}
  serializedVersion: 6
  m_Component:
  - component: {fileID: 712449807}
  - component: {fileID: 712449806}
  - component: {fileID: 712449805}
  m_Layer: 0
  m_Name: EventSystem
  m_TagString: Untagged
  m_Icon: {fileID: 0}
  m_NavMeshLayer: 0
  m_StaticEditorFlags: 0
  m_IsActive: 1
--- !u!114 &712449805
MonoBehaviour:
  m_ObjectHideFlags: 0
  m_CorrespondingSourceObject: {fileID: 0}
  m_PrefabInternal: {fileID: 0}
  m_GameObject: {fileID: 712449804}
  m_Enabled: 1
  m_EditorHideFlags: 0
  m_Script: {fileID: 1077351063, guid: f70555f144d8491a825f0804e09c671c, type: 3}
  m_Name: 
  m_EditorClassIdentifier: 
  m_HorizontalAxis: Horizontal
  m_VerticalAxis: Vertical
  m_SubmitButton: Submit
  m_CancelButton: Cancel
  m_InputActionsPerSecond: 10
  m_RepeatDelay: 0.5
  m_ForceModuleActive: 0
--- !u!114 &712449806
MonoBehaviour:
  m_ObjectHideFlags: 0
  m_CorrespondingSourceObject: {fileID: 0}
  m_PrefabInternal: {fileID: 0}
  m_GameObject: {fileID: 712449804}
  m_Enabled: 1
  m_EditorHideFlags: 0
  m_Script: {fileID: -619905303, guid: f70555f144d8491a825f0804e09c671c, type: 3}
  m_Name: 
  m_EditorClassIdentifier: 
  m_FirstSelected: {fileID: 0}
  m_sendNavigationEvents: 1
  m_DragThreshold: 10
--- !u!4 &712449807
Transform:
  m_ObjectHideFlags: 0
  m_CorrespondingSourceObject: {fileID: 0}
  m_PrefabInternal: {fileID: 0}
  m_GameObject: {fileID: 712449804}
  m_LocalRotation: {x: 0, y: 0, z: 0, w: 1}
  m_LocalPosition: {x: 0, y: 0, z: 0}
  m_LocalScale: {x: 1, y: 1, z: 1}
  m_Children: []
  m_Father: {fileID: 0}
  m_RootOrder: 13
  m_LocalEulerAnglesHint: {x: 0, y: 0, z: 0}
--- !u!1001 &927309241
Prefab:
  m_ObjectHideFlags: 0
  serializedVersion: 2
  m_Modification:
    m_TransformParent: {fileID: 0}
    m_Modifications:
    - target: {fileID: 4217202198683026, guid: e22ec408b9305404ebc3d23daccd6f20, type: 2}
      propertyPath: m_LocalPosition.x
      value: 1.78
      objectReference: {fileID: 0}
    - target: {fileID: 4217202198683026, guid: e22ec408b9305404ebc3d23daccd6f20, type: 2}
      propertyPath: m_LocalPosition.y
      value: -4.88
      objectReference: {fileID: 0}
    - target: {fileID: 4217202198683026, guid: e22ec408b9305404ebc3d23daccd6f20, type: 2}
      propertyPath: m_LocalPosition.z
      value: 0.47558594
      objectReference: {fileID: 0}
    - target: {fileID: 4217202198683026, guid: e22ec408b9305404ebc3d23daccd6f20, type: 2}
      propertyPath: m_LocalRotation.x
      value: -0
      objectReference: {fileID: 0}
    - target: {fileID: 4217202198683026, guid: e22ec408b9305404ebc3d23daccd6f20, type: 2}
      propertyPath: m_LocalRotation.y
      value: -0
      objectReference: {fileID: 0}
    - target: {fileID: 4217202198683026, guid: e22ec408b9305404ebc3d23daccd6f20, type: 2}
      propertyPath: m_LocalRotation.z
      value: -0
      objectReference: {fileID: 0}
    - target: {fileID: 4217202198683026, guid: e22ec408b9305404ebc3d23daccd6f20, type: 2}
      propertyPath: m_LocalRotation.w
      value: 1
      objectReference: {fileID: 0}
    - target: {fileID: 4217202198683026, guid: e22ec408b9305404ebc3d23daccd6f20, type: 2}
      propertyPath: m_RootOrder
      value: 9
      objectReference: {fileID: 0}
    m_RemovedComponents: []
  m_SourcePrefab: {fileID: 100100000, guid: e22ec408b9305404ebc3d23daccd6f20, type: 2}
  m_IsPrefabAsset: 0
--- !u!1001 &1057895093
Prefab:
  m_ObjectHideFlags: 0
  serializedVersion: 2
  m_Modification:
    m_TransformParent: {fileID: 0}
    m_Modifications:
    - target: {fileID: 114208974216227784, guid: 76a60b2f286450142852c93f00e0b513,
        type: 2}
      propertyPath: hitList.Array.size
      value: 1
      objectReference: {fileID: 0}
    - target: {fileID: 4015684742459132, guid: 76a60b2f286450142852c93f00e0b513, type: 2}
      propertyPath: m_LocalPosition.x
      value: 0
      objectReference: {fileID: 0}
    - target: {fileID: 4015684742459132, guid: 76a60b2f286450142852c93f00e0b513, type: 2}
      propertyPath: m_LocalPosition.y
      value: 11.61
      objectReference: {fileID: 0}
    - target: {fileID: 4015684742459132, guid: 76a60b2f286450142852c93f00e0b513, type: 2}
      propertyPath: m_LocalPosition.z
      value: 0.47558594
      objectReference: {fileID: 0}
    - target: {fileID: 4015684742459132, guid: 76a60b2f286450142852c93f00e0b513, type: 2}
      propertyPath: m_LocalRotation.x
      value: -0
      objectReference: {fileID: 0}
    - target: {fileID: 4015684742459132, guid: 76a60b2f286450142852c93f00e0b513, type: 2}
      propertyPath: m_LocalRotation.y
      value: -0
      objectReference: {fileID: 0}
    - target: {fileID: 4015684742459132, guid: 76a60b2f286450142852c93f00e0b513, type: 2}
      propertyPath: m_LocalRotation.z
      value: -0
      objectReference: {fileID: 0}
    - target: {fileID: 4015684742459132, guid: 76a60b2f286450142852c93f00e0b513, type: 2}
      propertyPath: m_LocalRotation.w
      value: 1
      objectReference: {fileID: 0}
    - target: {fileID: 4015684742459132, guid: 76a60b2f286450142852c93f00e0b513, type: 2}
      propertyPath: m_RootOrder
      value: 0
      objectReference: {fileID: 0}
    - target: {fileID: 114208974216227784, guid: 76a60b2f286450142852c93f00e0b513,
        type: 2}
      propertyPath: hitList.Array.data[0]
      value: 
      objectReference: {fileID: 0}
    m_RemovedComponents: []
  m_SourcePrefab: {fileID: 100100000, guid: 76a60b2f286450142852c93f00e0b513, type: 2}
  m_IsPrefabAsset: 0
--- !u!1001 &1535974851
Prefab:
  m_ObjectHideFlags: 0
  serializedVersion: 2
  m_Modification:
    m_TransformParent: {fileID: 0}
    m_Modifications:
    - target: {fileID: 4118908659764318, guid: 5cdcfa61a4f1f644e9a2bf2d37ef73df, type: 2}
      propertyPath: m_LocalPosition.x
      value: -26.83274
      objectReference: {fileID: 0}
    - target: {fileID: 4118908659764318, guid: 5cdcfa61a4f1f644e9a2bf2d37ef73df, type: 2}
      propertyPath: m_LocalPosition.y
      value: 11.778791
      objectReference: {fileID: 0}
    - target: {fileID: 4118908659764318, guid: 5cdcfa61a4f1f644e9a2bf2d37ef73df, type: 2}
      propertyPath: m_LocalPosition.z
      value: -0.06157054
      objectReference: {fileID: 0}
    - target: {fileID: 4118908659764318, guid: 5cdcfa61a4f1f644e9a2bf2d37ef73df, type: 2}
      propertyPath: m_LocalRotation.x
      value: 0
      objectReference: {fileID: 0}
    - target: {fileID: 4118908659764318, guid: 5cdcfa61a4f1f644e9a2bf2d37ef73df, type: 2}
      propertyPath: m_LocalRotation.y
      value: 0
      objectReference: {fileID: 0}
    - target: {fileID: 4118908659764318, guid: 5cdcfa61a4f1f644e9a2bf2d37ef73df, type: 2}
      propertyPath: m_LocalRotation.z
      value: 0
      objectReference: {fileID: 0}
    - target: {fileID: 4118908659764318, guid: 5cdcfa61a4f1f644e9a2bf2d37ef73df, type: 2}
      propertyPath: m_LocalRotation.w
      value: 1
      objectReference: {fileID: 0}
    - target: {fileID: 4118908659764318, guid: 5cdcfa61a4f1f644e9a2bf2d37ef73df, type: 2}
      propertyPath: m_RootOrder
      value: 1
      objectReference: {fileID: 0}
    - target: {fileID: 114163930580061512, guid: 5cdcfa61a4f1f644e9a2bf2d37ef73df,
        type: 2}
      propertyPath: m_Enabled
      value: 1
      objectReference: {fileID: 0}
    - target: {fileID: 114798001709560480, guid: 5cdcfa61a4f1f644e9a2bf2d37ef73df,
        type: 2}
      propertyPath: maxHealth
      value: 10
      objectReference: {fileID: 0}
    m_RemovedComponents: []
  m_SourcePrefab: {fileID: 100100000, guid: 5cdcfa61a4f1f644e9a2bf2d37ef73df, type: 2}
  m_IsPrefabAsset: 0
--- !u!114 &1542148418 stripped
MonoBehaviour:
  m_CorrespondingSourceObject: {fileID: 114208974216227784, guid: 76a60b2f286450142852c93f00e0b513,
    type: 2}
  m_PrefabInternal: {fileID: 1057895093}
  m_Script: {fileID: 11500000, guid: dc9b7a52d4a4b3445a1935b852cc6c1a, type: 3}
--- !u!1001 &1647570372
Prefab:
  m_ObjectHideFlags: 0
  serializedVersion: 2
  m_Modification:
    m_TransformParent: {fileID: 0}
    m_Modifications:
    - target: {fileID: 4455188021895698, guid: 176405e5d86ee2244948ca9c32436390, type: 2}
      propertyPath: m_LocalPosition.x
      value: 8.99
      objectReference: {fileID: 0}
    - target: {fileID: 4455188021895698, guid: 176405e5d86ee2244948ca9c32436390, type: 2}
      propertyPath: m_LocalPosition.y
      value: -5.423816
      objectReference: {fileID: 0}
    - target: {fileID: 4455188021895698, guid: 176405e5d86ee2244948ca9c32436390, type: 2}
      propertyPath: m_LocalPosition.z
      value: 0.47558594
      objectReference: {fileID: 0}
    - target: {fileID: 4455188021895698, guid: 176405e5d86ee2244948ca9c32436390, type: 2}
      propertyPath: m_LocalRotation.x
      value: -0
      objectReference: {fileID: 0}
    - target: {fileID: 4455188021895698, guid: 176405e5d86ee2244948ca9c32436390, type: 2}
      propertyPath: m_LocalRotation.y
      value: -0
      objectReference: {fileID: 0}
    - target: {fileID: 4455188021895698, guid: 176405e5d86ee2244948ca9c32436390, type: 2}
      propertyPath: m_LocalRotation.z
      value: -0
      objectReference: {fileID: 0}
    - target: {fileID: 4455188021895698, guid: 176405e5d86ee2244948ca9c32436390, type: 2}
      propertyPath: m_LocalRotation.w
      value: 1
      objectReference: {fileID: 0}
    - target: {fileID: 4455188021895698, guid: 176405e5d86ee2244948ca9c32436390, type: 2}
      propertyPath: m_RootOrder
      value: 7
      objectReference: {fileID: 0}
    m_RemovedComponents: []
  m_SourcePrefab: {fileID: 100100000, guid: 176405e5d86ee2244948ca9c32436390, type: 2}
  m_IsPrefabAsset: 0
--- !u!1001 &1671193919
Prefab:
  m_ObjectHideFlags: 0
  serializedVersion: 2
  m_Modification:
    m_TransformParent: {fileID: 0}
    m_Modifications:
    - target: {fileID: 4221961181114386, guid: 3e5dd4e04700eee4d82ec112acc89ab3, type: 2}
      propertyPath: m_LocalPosition.x
      value: -2.06
      objectReference: {fileID: 0}
    - target: {fileID: 4221961181114386, guid: 3e5dd4e04700eee4d82ec112acc89ab3, type: 2}
      propertyPath: m_LocalPosition.y
      value: -4.678553
      objectReference: {fileID: 0}
    - target: {fileID: 4221961181114386, guid: 3e5dd4e04700eee4d82ec112acc89ab3, type: 2}
      propertyPath: m_LocalPosition.z
      value: 0.47558594
      objectReference: {fileID: 0}
    - target: {fileID: 4221961181114386, guid: 3e5dd4e04700eee4d82ec112acc89ab3, type: 2}
      propertyPath: m_LocalRotation.x
      value: -0
      objectReference: {fileID: 0}
    - target: {fileID: 4221961181114386, guid: 3e5dd4e04700eee4d82ec112acc89ab3, type: 2}
      propertyPath: m_LocalRotation.y
      value: -0
      objectReference: {fileID: 0}
    - target: {fileID: 4221961181114386, guid: 3e5dd4e04700eee4d82ec112acc89ab3, type: 2}
      propertyPath: m_LocalRotation.z
      value: -0
      objectReference: {fileID: 0}
    - target: {fileID: 4221961181114386, guid: 3e5dd4e04700eee4d82ec112acc89ab3, type: 2}
      propertyPath: m_LocalRotation.w
      value: 1
      objectReference: {fileID: 0}
    - target: {fileID: 4221961181114386, guid: 3e5dd4e04700eee4d82ec112acc89ab3, type: 2}
      propertyPath: m_RootOrder
      value: 10
      objectReference: {fileID: 0}
    - target: {fileID: 4379351474946436, guid: 3e5dd4e04700eee4d82ec112acc89ab3, type: 2}
      propertyPath: m_LocalPosition.x
      value: 0
      objectReference: {fileID: 0}
    m_RemovedComponents: []
  m_SourcePrefab: {fileID: 100100000, guid: 3e5dd4e04700eee4d82ec112acc89ab3, type: 2}
  m_IsPrefabAsset: 0
--- !u!1 &2004449312
GameObject:
  m_ObjectHideFlags: 0
  m_CorrespondingSourceObject: {fileID: 0}
  m_PrefabInternal: {fileID: 0}
  serializedVersion: 6
  m_Component:
  - component: {fileID: 2004449314}
  - component: {fileID: 2004449313}
  m_Layer: 0
  m_Name: TestSceneController
  m_TagString: Untagged
  m_Icon: {fileID: 0}
  m_NavMeshLayer: 0
  m_StaticEditorFlags: 0
  m_IsActive: 1
--- !u!114 &2004449313
MonoBehaviour:
  m_ObjectHideFlags: 0
  m_CorrespondingSourceObject: {fileID: 0}
  m_PrefabInternal: {fileID: 0}
  m_GameObject: {fileID: 2004449312}
  m_Enabled: 1
  m_EditorHideFlags: 0
  m_Script: {fileID: 11500000, guid: d6f1cba5d3abd3445a8f4888f62c1ad4, type: 3}
  m_Name: 
  m_EditorClassIdentifier: 
  killPrize: {fileID: 1542148418}
  hitList:
  - {fileID: 0}
  prize: {fileID: 1379682362021102, guid: 176405e5d86ee2244948ca9c32436390, type: 2}
--- !u!4 &2004449314
Transform:
  m_ObjectHideFlags: 0
  m_CorrespondingSourceObject: {fileID: 0}
  m_PrefabInternal: {fileID: 0}
  m_GameObject: {fileID: 2004449312}
  m_LocalRotation: {x: 0, y: 0, z: 0, w: 1}
  m_LocalPosition: {x: 0.22163904, y: 4.85025, z: 0.015625}
  m_LocalScale: {x: 1, y: 1, z: 1}
  m_Children: []
  m_Father: {fileID: 0}
  m_RootOrder: 12
  m_LocalEulerAnglesHint: {x: 0, y: 0, z: 0}
--- !u!1001 &2075666065
Prefab:
  m_ObjectHideFlags: 0
  serializedVersion: 2
  m_Modification:
    m_TransformParent: {fileID: 0}
    m_Modifications:
    - target: {fileID: 4804490764217224, guid: 881568ed71f3c0a4f877dddb0587f52e, type: 2}
      propertyPath: m_LocalPosition.x
      value: -6.79
      objectReference: {fileID: 0}
    - target: {fileID: 4804490764217224, guid: 881568ed71f3c0a4f877dddb0587f52e, type: 2}
      propertyPath: m_LocalPosition.y
      value: -4.37
      objectReference: {fileID: 0}
    - target: {fileID: 4804490764217224, guid: 881568ed71f3c0a4f877dddb0587f52e, type: 2}
      propertyPath: m_LocalPosition.z
      value: 0.47558594
      objectReference: {fileID: 0}
    - target: {fileID: 4804490764217224, guid: 881568ed71f3c0a4f877dddb0587f52e, type: 2}
      propertyPath: m_LocalRotation.x
      value: -0
      objectReference: {fileID: 0}
    - target: {fileID: 4804490764217224, guid: 881568ed71f3c0a4f877dddb0587f52e, type: 2}
      propertyPath: m_LocalRotation.y
      value: -0
      objectReference: {fileID: 0}
    - target: {fileID: 4804490764217224, guid: 881568ed71f3c0a4f877dddb0587f52e, type: 2}
      propertyPath: m_LocalRotation.z
      value: -0
      objectReference: {fileID: 0}
    - target: {fileID: 4804490764217224, guid: 881568ed71f3c0a4f877dddb0587f52e, type: 2}
      propertyPath: m_LocalRotation.w
      value: 1
      objectReference: {fileID: 0}
    - target: {fileID: 4804490764217224, guid: 881568ed71f3c0a4f877dddb0587f52e, type: 2}
      propertyPath: m_RootOrder
      value: 11
      objectReference: {fileID: 0}
    m_RemovedComponents: []
  m_SourcePrefab: {fileID: 100100000, guid: 881568ed71f3c0a4f877dddb0587f52e, type: 2}
  m_IsPrefabAsset: 0
